@ONLINE {atlassian2020,
    author = "Atlassian",
    title  = "Gitflow Workflow",
    year   = "2020",
    url    = "https://www.atlassian.com/git/tutorials/comparing-workflows/gitflow-workflow"
}

@ONLINE {rondinella2019,
    author = "Rondinella, Giuseppe",
    title  = "Deutscher App-Markt weiter im HÃ¶henflug",
    year   = "2019",
    url    = "https://www.horizont.net/tech/nachrichten/bitkom-deutscher-app-markt-weiter-im-hoehenflug-175340"
}

@ONLINE {fhdw2020,
    author = "FHDW",
    title  = "Fachhochschule der Wirtschaft Modulhandbuch (Vollzeit) Wirtschaftsinformatik (Bachelor of Science)",
    year   = "2017",
    url    = "https://intranet.fhdw.de/tiki-download_file.php?fileId=18125"
}

@ONLINE {itemis2015, 
    author = "Itemis", 
    title  = "Wasserfallmodell", 
    year   = "2015", 
    url    = "https://blogs.itemis.com/de/scrum-kompakt-wasserfallmodell" 
} 

@ONLINE {andreawindolph, 
    author = "Andrea Windolph", 
    title  = "Der Projektstrukturplan, Teil 1: Nutzen und Aufbau", 
    year   = "2020", 
    url    = "https://projekte-leicht-gemacht.de/blog/pm-methoden-erklaert/der-projektstrukturplan-teil-1-nutzen-aufbau-vorlage/" 

} 

@ONLINE {t2informatik, 
    author = "T2Informatik", 
    title  = "Meilensteinplan", 
    year   = "2020", 
    url    = "https://t2informatik.de/wissen-kompakt/meilensteinplan/" 

}

@ONLINE {ganttGentgesxy2001a, 
    author = "Gantt.com", 
    title  = "Was ist ein Gantt Diagramm?", 
    year   = "2020", 
    url    = "https://www.gantt.com/ge/" 
} 

@BOOK {jhammondtgrossjwesson2002,
    author    = "Hammond, J and Gross, T and Wesson, J",
    title     = "Usability: Gaining a Competetive Edge",
    publisher = "Kluwer Academic Publishers",
    year      = "2002"
}

@ONLINE {c2MVC, 
    author = "c2-wiki", 
    title  = "MVC-History", 
    year   = "2014", 
    url    = "https://wiki.c2.com/?ModelViewControllerHistory" 
} 

@ONLINE {FowlerMVP, 
    author = "Martin Fowler", 
    title  = "Gui Architectures", 
    year   = "2006", 
    url    = "https://www.martinfowler.com/eaaDev/uiArchs.html" 
} 

@ONLINE {HeiseMVVM, 
    author = "Golo Roden", 
    title  = "Model View ViewModel mit Knockout.js", 
    year   = "2013", 
    url    = " https://m.heise.de/developer/artikel/Model-View-ViewModel-mit-Knockout-js-1928690.html?seite=all" 
} 